@article{cheng2001,
author={Julian Cheng and N. C. Beaulieu},
journal={IEEE Communications Letters},
title={Maximum-likelihood based estimation of the Nakagami m parameter},
year={2001},
volume={5},
number={3},
pages={101-103},
doi={10.1109/4234.913153},
ISSN={1089-7798},
month={March},}

@article{cardoso2017,
author={J. V. M. Cardoso and W. J. L. Queiroz and H. Liu and M. S. Alencar},
journal={Tsinghua Science and Technology},
title={On the performance of the energy detector subject to impulsive noise in $\kappa-\mu$,
       $\alpha-\mu$, and $\eta-\mu$ fading channels},
year={2017},
volume={22},
number={4},
pages={360-367},
doi={10.23919/TST.2017.7986939},
month={Aug},}
