@ARTICLE{niu.2011, 
	author={Mingbo Niu and Cheng, J. and Holzman, J.F.}, 
	journal=IEEE_J_COM, 
	title={Error Rate Analysis of M-ary Coherent Free-Space Optical Communication Systems with K-Distributed Turbulence}, 
	year={2011}, 
	volume={59}, 
	number={3}, 
	pages={664-668}, 
	keywords={atmospheric turbulence;compensation;diversity reception;error statistics;optical communication;phase shift keying;FSO communications;FSO systems;K-distributed turbulence conditions;M-ary coherent free-space optical communication systems;M-ary phase-shift keying;M-ary quadrature amplitude modulation;MPSK;MQAM;MRC reception;asymptotic error rate analysis;closed-form moment generating function;coherent free-space optical communications;error rate performance degradation;exact error rates;maximum ratio combining reception;phase compensation error;standard deviation;turbulence effects;Atmospheric turbulence;coherent detection;diversity;optical communications;phase noise}, 
	doi={10.1109/TCOMM.2011.010411.090109}, 
	ISSN={0090-6778}, 
	month={March},}

@ARTICLE{kong.2015, 
	author={Lei Kong and Wei Xu and Hanzo, L. and Hua Zhang and Chunming Zhao}, 
	journal="IEEE Photon. J.",
	title={Performance of a Free-Space-Optical Relay-Assisted Hybrid RF/FSO System in Generalized  M-Distributed Channels}, 
	year={2015}, 
	volume={7}, 
	number={5}, 
	pages={1-19}, 
	keywords={microwave photonics;optical links;phase shift keying;M-ary phase-shift keying;atmospheric turbulence;average symbol error rate performance;differentially encoded noncoherent PSK;dual-hop hybrid relaying system;dynamic channel-dependent relay gain;fixed relay gain;free-space optical links;free-space-optical relay-assisted hybrid RF/FSO system;generalized M-distributed channels;mobile communication;noncoherent frequency-shift keying;radio frequency links;signal-to-noise ratios;Adaptive optics;Modulation;Optical fiber communication;Radio frequency;Relays;Scattering;Signal to noise ratio;Relay;atmospheric turbulence;free space optical communications;hybrid RF/FSO;symbol error rate}, 
	doi={10.1109/JPHOT.2015.2470106}, 
	ISSN={1943-0655}, 
	month={Oct},}

@article{barrios.2013,
	title = "Exponentiated Weibull model for the irradiance probability density function of a laser beam propagating through atmospheric turbulence ",
	journal = "Optics \& Laser Technology ",
	volume = "45",
	number = "",
	pages = "13-20",
	year = "2013",
	author = "Ricardo Barrios and Federico Dios",
}

@ARTICLE{mudkolkar.1993, 
	author={Mudholkar, G.S. and Srivastava, D.K.}, 
	journal=IEEE_J_R,
	title={Exponentiated Weibull family for analyzing bathtub failure-rate data}, 
	year={1993}, 
	volume={42}, 
	number={2}, 
	pages={299-302}, 
	keywords={failure analysis;probability;reliability;Weibull distribution;bathtub failure rate lifetime;exponential models;failure analysis;generalization;goodness-of-fit;modeling;probability;reliability;Aging;Art;Data analysis;Exponential distribution;Failure analysis;Life testing;Probability;Reliability theory;Statistical analysis;Weibull distribution}, 
	doi={10.1109/24.229504}, 
	ISSN={0018-9529}, 
	month={Jun},}

@ARTICLE{costa.2007, 
	author={Costa, D.B. and Yacoub, M.D.}, 
	journal=IEEE_J_AWPL,
	title={The  $\eta$ -  $\mu$ Joint Phase-Envelope Distribution}, 
	year={2007}, 
	volume={6}, 
	pages={195-198}, 
	keywords={Nakagami channels;Rician channels;probability;Hoyt models;Nakagami-m models;Rice models;eta-mu joint phase-envelope distribution;fading environment;probability density function;Closed-form solution;Fading;Jacobian matrices;Random variables;Scattering;Time of arrival estimation;$eta$- $mu$ distribution;General fading distribution}, 
	doi={10.1109/LAWP.2007.895919}, 
	ISSN={1536-1225}, 
	month={},}

@ARTICLE{wang.2015, 
	author={Wang, P. and Qin, J. and Guo, L. and Yang, Y.}, 
	journal=IEEE_J_PTL,
	title={BER Performance of FSO Limited by Shot and Thermal Noise over Exponentiated Weibull Fading Channels}, 
	year={2015}, 
	volume={PP}, 
	number={99}, 
	pages={1-1}, 
	keywords={Apertures;Bit error rate;Fading;Modulation;Noise;Photonics;Receivers;M-ary pulse-position modulation (PPM);aperture averaging;exponentiated Weibull (EW) distribution;free-space optical (FSO) links;shot noise;thermal noise}, 
	doi={10.1109/LPT.2015.2494372}, 
	ISSN={1041-1135}, 
	month={},}

@article{cheng.2014, 
	author = {Mingjian Cheng and Yixin Zhang and Jie Gao and Fei Wang and Fengsheng Zhao}, 
	journal = {Appl. Opt.}, 
	keywords = {Atmospheric optics; Atmospheric propagation; Atmospheric scattering; Atmospheric transmittance; Atmospheric turbulence; Laser beam transmission},
	number = {18}, 
	pages = {4011--4017}, 
	publisher = {OSA},
	title = {Average capacity for optical wireless communication systems over exponentiated Weibull distribution non-Kolmogorov turbulent channels}, 
	volume = {53}, 
	month = {Jun},
	year = {2014},
}

@article{yi.2015, 
	author = {Xiang Yi and Mingwu Yao}, 
	journal = {Opt. Express}, 
	keywords = {Atmospheric turbulence; Scintillation; Free-space optical communication},
	number = {3}, 
	pages = {2904--2917}, 
	publisher = {OSA},
	title = {Free-space communications over exponentiated Weibull turbulence channels with nonzero boresight pointing errors}, 
	volume = {23}, 
	month = {Feb},
	year = {2015},
}

@article{barrios.2012, 
	author = {Ricardo Barrios and Federico Dios}, 
	journal = {Opt. Express}, 
	keywords = {Atmospheric propagation; Atmospheric turbulence; Optical communications},
	number = {12}, 
	pages = {13055--13064}, 
	publisher = {OSA},
	title = {Exponentiated Weibull distribution family under aperture averaging for Gaussian beam waves}, 
	volume = {20}, 
	month = {Jun},
	year = {2012},
}

@INPROCEEDINGS{costa.2005, 
	author={Costa, D.B. and Yacoub, M.D. and Fraindenraich, G.}, 
	booktitle={SBMO/IEEE MTT-S International Conference on Microwave and Optoelectronics}, 
	title={Generalized phase crossing rate and random FM noise for Weibull fading channels}, 
	year={2005}, 
	pages={509-512}, 
	keywords={fading channels;frequency modulation;probability;statistical analysis;Weibull fading channels;arbitrary phase upward crossing level;closed-form expressions;conditional probability density functions;crossing statistics;generalized phase crossing rate;random frequency modulation noise;Closed-form solution;Noise level;Phase modulation;Phase noise;Probability;Rayleigh channels;Statistics;Weibull distribution;Weibull fading channels;Wireless communication}, 
	month={July},}

@INPROCEEDINGS{dias.2008, 
	author={Dias, U.S. and Yacoub, M.D. and Costa, D.}, 
	booktitle={IEEE 19th Internation Symposium on Personal, Indoor and Mobile Radio Communications (PIMRC)}, 
	title={The $\kappa$-$\mu$ phase-envelope joint distribution}, 
	year={2008}, 
	pages={1-5}, 
	keywords={Monte Carlo methods;Nakagami channels;Monte Carlo simulations;Nakagami-m models;Rice models;exact closed-form expression;general fading model;kappa-mu phase-envelope joint distribution;phase-envelope joint distribution;Closed-form solution;Clutter;Fading;Nakagami distribution;Probability density function;Radar scattering;Rayleigh channels;Rayleigh scattering;Scattering parameters;Statistical distributions;κ-μ distribution;General fading distribution}, 
	doi={10.1109/PIMRC.2008.4699743},}

@article{belmonte.2008, 
		author = {Aniceto Belmonte and Joseph M. Kahn}, 
		journal = {Opt. Express}, 
		keywords = {Active or adaptive optics; Atmospheric turbulence; Lidar; Statistical optics; Optical communications},
		number = {18}, 
		pages = {14151--14162}, 
		publisher = {OSA},
		title = {Performance of synchronous optical receivers using atmospheric compensation techniques}, 
		volume = {16}, 
		month = {Sep},
		year = {2008},
		doi = {10.1364/OE.16.014151},
	}


